<record><leader>00000cas a22000007a 4500</leader><controlfield tag="001">30047631</controlfield><controlfield tag="008">940329d19751980nyuwn ne      0    0eng d</controlfield><datafield ind1=" " ind2=" " tag="010"><subfield code="a">sn 94057751 </subfield></datafield><datafield ind1=" " ind2=" " tag="040"><subfield code="a">NYS</subfield><subfield code="b">eng</subfield><subfield code="c">NYS</subfield><subfield code="d">OCLCQ</subfield><subfield code="d">OCLCF</subfield><subfield code="d">OCLCO</subfield></datafield><datafield ind1=" " ind2=" " tag="042"><subfield code="a">msc</subfield></datafield><datafield ind1=" " ind2=" " tag="043"><subfield code="a">n-us-ny</subfield></datafield><datafield ind1="0" ind2=" " tag="130"><subfield code="a">Fort Drum sentinel (Fort Drum, N.Y. : 1975)</subfield></datafield><datafield ind1="1" ind2="0" tag="245"><subfield code="a">Fort Drum sentinel.</subfield></datafield><datafield ind1="1" ind2="3" tag="246"><subfield code="a">Sentinel</subfield></datafield><datafield ind1=" " ind2=" " tag="260"><subfield code="a">Fort Drum, N.Y. :</subfield><subfield code="b">Information Office,</subfield><subfield code="c">1975-1980.</subfield></datafield><datafield ind1=" " ind2=" " tag="300"><subfield code="a">v. :</subfield><subfield code="b">ill.</subfield></datafield><datafield ind1=" " ind2=" " tag="310"><subfield code="a">Biweekly (weekly during summer months),</subfield><subfield code="b">&lt;1979&gt;-1980</subfield></datafield><datafield ind1=" " ind2=" " tag="321"><subfield code="a">Weekly (during summer months),</subfield><subfield code="b">1975-&lt;1977&gt;</subfield></datafield><datafield ind1="0" ind2=" " tag="362"><subfield code="a">Vol. 19, no. 1 (May 22, 1975)-v. 24, no. 2 (Jan. 24, 1980).</subfield></datafield><datafield ind1=" " ind2="0" tag="650"><subfield code="a">Military bases</subfield><subfield code="z">New York (State)</subfield><subfield code="v">Newspapers.</subfield></datafield><datafield ind1=" " ind2="0" tag="651"><subfield code="a">Fort Drum (N.Y.)</subfield><subfield code="v">Newspapers.</subfield></datafield><datafield ind1=" " ind2="0" tag="651"><subfield code="a">Watertown (N.Y.)</subfield><subfield code="v">Newspapers.</subfield></datafield><datafield ind1=" " ind2="0" tag="651"><subfield code="a">Jefferson County (N.Y.)</subfield><subfield code="v">Newspapers.</subfield></datafield><datafield ind1=" " ind2="7" tag="655"><subfield code="a">Newspapers.</subfield><subfield code="2">fast</subfield><subfield code="0">(OCoLC)fst01423814</subfield></datafield><datafield ind1=" " ind2="7" tag="650"><subfield code="a">Military bases.</subfield><subfield code="2">fast</subfield><subfield code="0">(OCoLC)fst01020986</subfield></datafield><datafield ind1=" " ind2="7" tag="651"><subfield code="a">New York (State)</subfield><subfield code="2">fast</subfield><subfield code="0">(OCoLC)fst01210280</subfield></datafield><datafield ind1=" " ind2="7" tag="651"><subfield code="a">New York (State)</subfield><subfield code="z">Fort Drum.</subfield><subfield code="2">fast</subfield><subfield code="0">(OCoLC)fst01238970</subfield></datafield><datafield ind1=" " ind2="7" tag="651"><subfield code="a">New York (State)</subfield><subfield code="z">Jefferson County.</subfield><subfield code="2">fast</subfield><subfield code="0">(OCoLC)fst01209430</subfield></datafield><datafield ind1=" " ind2="7" tag="651"><subfield code="a">New York (State)</subfield><subfield code="z">Watertown.</subfield><subfield code="2">fast</subfield><subfield code="0">(OCoLC)fst01221269</subfield></datafield><datafield ind1=" " ind2=" " tag="752"><subfield code="a">United States</subfield><subfield code="b">New York</subfield><subfield code="c">Jefferson</subfield><subfield code="d">Fort Drum.</subfield></datafield><datafield ind1=" " ind2=" " tag="752"><subfield code="a">United States</subfield><subfield code="b">New York</subfield><subfield code="c">Jefferson</subfield><subfield code="d">Watertown.</subfield></datafield><datafield ind1="0" ind2="0" tag="780"><subfield code="t">Camp Drum sentinel</subfield><subfield code="w">(DLC)sn 94057750</subfield><subfield code="w">(OCoLC)30047630</subfield></datafield><datafield ind1="0" ind2="0" tag="785"><subfield code="t">Sentinel (Fort Drum, N.Y.)</subfield><subfield code="w">(DLC)sn 94057752</subfield><subfield code="w">(OCoLC)17592862</subfield></datafield></record>